\Sort{
  Mode{on}
  Collation{mixed}
  SortTypeOrder{key,name}
  NameOrder{descending}
  Key{{author,editor}}
  KeyOrder{ascending,nulls first}
  StringSort{ascending}
}

@Misc{Jacobs:2018,
  year = 2018,
  author = {Jacobs, Harrison and Zheng, Annie},
  title	= {People have the wrong idea about the 3 most popular procedures in South Korea, the plastic surgery capital of the world},
  institution =	 {Business Insider},
  howpublished = {(Accessed: November 2020)},
note = {\\ {\tiny \url{https://bit.ly/35dymbQ}}}
}	
